@book{greg,
 author = {Newcomer, Eric and Lomow, Greg},
 title = {Understanding SOA with Web Services (Independent Technology Guides)},
 year = {2004},
 isbn = {0321180860},
 publisher = {Addison-Wesley Professional},
 }
@book{virgilio,
 author = {Menasce, Daniel A. and Almeida, Virgilio},
 title = {Capacity Planning for Web Services: metrics, models, and methods},
 year = {2001},
 isbn = {0130659037},
 publisher = {Prentice Hall PTR},
 address = {Upper Saddle River, NJ, USA},
 }
@book{ethan,
 author = {Ethan Cerami},
 title = {Web Services Essentials},
 year = {2002},
 isbn = {0596002246},
 publisher = {O'Reilly},
 }
@book{singh,
 author = {Singh, Inderjeet and Brydon, Sean and Murray, Greg and Ramachandran, Vijay and Violleau, Thierry and Stearns, Beth},
 title = {Designing Web Services with the J2EE 1.4 Platform: JAX-RPC, XML Services, and Clients},
 year = {2004},
 isbn = {0321205219},
 publisher = {Pearson Education},
 }
@book{snell,
 author = {Snell, James and Tidwell, Doug and Kulchenko, Pavel},
 title = {Programming Web services with SOAP},
 year = {2002},
 isbn = {0-596-00095-2},
 publisher = {O'Reilly \& Associates, Inc.},
 address = {Sebastopol, CA, USA},
 }
@book{webservice_foto,
 author = {Eric Newcomer},
 title = {Understanding Web services: XML, WSDL, SOAP, and UDDI},
 year = {2002},
 isbn = {0201750813},
 publisher = {Addison-Wesley Longman Publishing Co., Inc.},
 pages = {3},
 address = {Boston, MA, USA},
 }
@book{naveen,
 author = {Naveen Balani, Rajeev Hathi},
 title = {Apache CXF Web Service Development: Develop and deploy SOAP and RESTful Web Services},
 year = {2009},
 isbn = {978-1-847195-40-1},
 publisher = {Packt Publishing Ltd.},
 }
@INPROCEEDINGS{Engelen00xml-rpcagents,
    author = {Robert Van Engelen, Kyle Gallivan, Gunjan Gupta and George Cybenko},
    title = {XML-RPC Agents for Distributed Scientific Computing},
    booktitle = {In IMACS’2000 Conference},
    year = {2000},
    pages = {168--182}
}
@book{laurent,
 author = {Laurent, Simon St. and Dumbill, Edd and Johnston, Joe},
 title = {Programming Web Services with XML-RPC},
 year = {2001},
 isbn = {0596001193},
 publisher = {O'Reilly \& Associates, Inc.},
 address = {Sebastopol, CA, USA},
 }
@book{team,
 author = {Team, Wrox Author and Dix, Chris and Kovack, Roger and Rafter, Jeff and Hunter, David and Pinnock, Jon},
 title = {Beginning XML},
 year = {2001},
 isbn = {1861005598},
 publisher = {Wrox Press Ltd.},
 address = {Birmingham, UK, UK},
 }
@book{Younker:1253739,
      author       = "Younker, Jeff",
      title        = "Foundations of agile python development; electronic
                      version",
      publisher    = "Springer",
      address      = "Dordrecht",
      year         = "2008",
}
@book{975530,
 author = {Pilato, Michael},
 title = {Version Control With Subversion},
 year = {2004},
 isbn = {0596004486},
 publisher = {O'Reilly \& Associates, Inc.},
 address = {Sebastopol, CA, USA},
 }
@book{1197991,
 author = {Shane Warden Shane and Jim Shore},
 title = {The Art of Agile Development: With Extreme Programming},
 year = {2007},
 isbn = {978-0-596-15290-1},
 publisher = {O'Reilly Media, Inc.},
}
@ONLINE{wiki:erp,
author = {Wikipedia},
title = {Enterprise Resource Planning},
month = Maio,
year = {2010},
url = "http://en.wikipedia.org/wiki/ERP, acessado 05/06/2010",
}
@ONLINE{wiki:oo.org,
author = {Wikipedia},
title = {OpenOffice.org},
month = Junho,
year = {2010},
url = "http://pt.wikipedia.org/wiki/OpenOffice.org, acessado 15/07/2010",
}
@ONLINE{wsgi:website,
  AUTHOR = {Phillip J. Eby},
  TITLE = {Python Web Server Gateway Interface v1.0},
  MONTH = Abril,
  YEAR = {2010},
  url = "http://www.python.org/dev/peps/pep-0333, acessado 15/05/2010",
}
@ONLINE{web:uno,
  AUTHOR = {Ralph Thomas},
  TITLE = {Python-UNO bridge},
  MONTH = Outubro,
  YEAR = {2008},
  url = "http://udk.openoffice.org/python/python-bridge.html, acessado 10/06/2010",
}
@ONLINE{web:xmlrpc,
  AUTHOR = {JY Stervinou},
  TITLE = {XML-RPC Home Page},
  MONTH = Julho,
  YEAR = {2003},
  url = "http://www.xmlrpc.com/, acessado 10/06/2010",
}
@ONLINE{jim,
  AUTHOR = {Jim Fulton},
  TITLE = {zc.buildout: System for managing development buildouts},
  MONTH = Abril,
  YEAR = {2010},
  url = "http://pypi.python.org/pypi/zc.buildout, acessado 11/06/2010",
}
@book{557044,
 author = {Grant Norris and James R. Hurley and Kenneth M. Hartley},
 title = {E-Business and ERP: Transforming the Enterprise},
 year = {2000},
 isbn = {0471392081},
 publisher = {John Wiley \& Sons, Inc.},
 address = {New York, NY, USA},
 }
@book{HeadFirst,
 author = {Dan Pilone and Russ Miles},
 title = {Head first software development},
 year = {2007},
 isbn = {9780596527358},
 publisher = {O'Reilly},
 }

@book{book:webservice,
 author = {G. Alonso and F. Casati and H. Kuno and V. Machiraju},
 title = {Web Services: Concepts, Architecture and Applications},
 year = {2004},
 isbn = {3-540-44008-9},
 pages = "123--125",
 publisher = {Springer Verlag},
 }
@book{1211498,
 author = {Dan Gookin},
 title = {Troubleshooting Your PC For Dummies (For Dummies (Computer/Tech))},
 year = {2005},
 pages = "146--147"
 isbn = {0764577425},
 publisher = {For Dummies},
 }
@book{355074,
 author = {Rohit Chandra and Ramesh Menon and Leo Dagum and David Kohr and Dror Maydan and Jeff McDonald},
 title = {Parallel programming in OpenMP},
 year = {2001},
 isbn = {1-55860-671-8},
 pages = "147--149"
 publisher = {Morgan Kaufmann Publishers Inc.},
 address = {San Francisco, CA, USA},
 }
@book{handbook,
 author = {Muthu Ramachandran and Rogério Atem de Carvalho},
 title = {Handbook of Research on Software Engineering and Productivity Technologies: Implications of Globalization},
 year = {2009},
 isbn = {978-1-60566-732-4},
 pages = "423--427"
 publisher = {Engineering Science Reference },
 }

@Monography{ronaldo,
address={Campos dos Goytacazes/RJ},
author={Ronaldo Amaral Santos},
pages={49},
school={Centro Federal de Educação Tecnológica - Campos - RJ},
title={GRANULATEO3TOOL - UMA FERRAMENTA PARA GRANULARIZAÇÃO DE DOCUMENTOS},
type={Monografia},
year={2007}}

@Article{artigo:rogerio,
author = {Rogério Atem de Carvalho and Renato de Campos},
title = {PROPOSTAS PARA O PROCESSO DE DESENVOLVIMENTO DO SISTEMA ERP5},
year = {2007},
}

@ONLINE{w3c,
  AUTHOR = {David Booth and Hugo Haas and Francis McCabe and Eric Newcomer and Michael Champion and Chris Ferris and David Orchard},
  TITLE = {Web Services Architecture},
  MONTH = Fevereiro,
  YEAR = {2004},
  url = "http://www.w3.org/TR/ws-arch/",
  urlacessdate = {18/06/2010}
}

@ONLINE{wsdl,
  AUTHOR = {Erik Christensen and Francisco Curbera and Greg Meredith and Sanjiva Weerawarana},
  TITLE = {Web Services Description Language (WSDL) 1.1},
  MONTH = Março,
  YEAR = {2001},
  url = "http://www.w3.org/TR/wsdls",
  urlacessdate = {18/06/2010}
}

@ONLINE{erp5_buildout,
  AUTHOR = {Jacques Honoré},
  TITLE = {How to install ERP5 from Buildout},
  MONTH = Março,
  YEAR = {2010},
  url = "http://www.erp5.com/download/linux/Howto-Install.erp5.From.Buildout, acessado em 22/06/2010",
}

@ONLINE{erp5_bt5,
  AUTHOR = {Jean-Paul Smets},
  TITLE = {ERP5 Business Templates Download},
  MONTH = Fevereiro,
  YEAR = {2010},
  url = "http://www.erp5.com/web_page_module/1916/, acessado em 22/06/2010",
}
@ONLINE{uno_page,
  AUTHOR = {Kay Ramme},
  TITLE = {This is the Uno Project},
  MONTH = Março,
  YEAR = {2010},
  url = "http://udk.openoffice.org/, acessado em 28/06/2010",
}
@ONLINE{pyuno_page,
  AUTHOR = {Ralph Thomas and Joerg Budischewski},
  TITLE = {Python-UNO bridge},
  MONTH = Outubro,
  YEAR = {2008},
  url = "http://udk.openoffice.org/python/python-bridge.html, acessado em 15/07/2010",
}
@ONLINE{ian,
  AUTHOR = {Ian Bicking},
  TITLE = {Paste: Tools for using a Web Server Gateway Interface stack},
  MONTH = Junho,
  YEAR = {2010},
  url = "http://pypi.python.org/pypi/Paste, acessado em 08/07/2010",
}
@book{python_zope,
author = {Mark Lutz},
title = {Programming Python, Third Edition},
year = {2006},
month = {Agosto},
pages = "1130"
publisher = {O'Reilly},
}
@book{xml_dummies,
 author = {Lucinda Dykes and Ed Tittel},
 title = {XML For Dummies; 4th Edition},
 year = {2005},
 isbn = {0764588451},
 publisher = {Wiley Publising Inc.},
 }

@book{beautiful,
author = {Andy Oram and Greg Wilson},
title = {Beautiful Code},
year = {2007},
month = {Junho},
pages = "339--350"
publisher = {O'Reilly},
}

@book{oasis,
author = {J. David Eisenberg},
title = {OASIS OpenDocument Essentials: Using OASIS OpenDocument XML},
year = {2005},
publisher = {Friends of OpenDocument Inc.},
}